<record><leader>00000cas a2200000 a 4500</leader><controlfield tag="001">33337761</controlfield><controlfield tag="007">hd afu---baca</controlfield><controlfield tag="008">951020d18591860nbudn nea     0    0eng d</controlfield><datafield ind1=" " ind2=" " tag="010"><subfield code="a">sn 95073099 </subfield></datafield><datafield ind1=" " ind2=" " tag="040"><subfield code="a">NVG</subfield><subfield code="b">eng</subfield><subfield code="c">NVG</subfield><subfield code="d">OCL</subfield><subfield code="d">OCLCQ</subfield><subfield code="d">OCLCF</subfield><subfield code="d">OCLCO</subfield></datafield><datafield ind1="1" ind2=" " tag="029"><subfield code="a">AU@</subfield><subfield code="b">000025847702</subfield></datafield><datafield ind1=" " ind2=" " tag="042"><subfield code="a">msc</subfield></datafield><datafield ind1=" " ind2=" " tag="043"><subfield code="a">n-us-nb</subfield></datafield><datafield ind1="0" ind2="4" tag="245"><subfield code="a">The daily Omaha Nebraskian</subfield><subfield code="h">[microform].</subfield></datafield><datafield ind1="1" ind2=" " tag="246"><subfield code="i">Title in publisher's box:</subfield><subfield code="a">Daily Nebraskian</subfield><subfield code="f">&lt;Dec. 13, 1859&gt;-Nov. 16, 1860</subfield></datafield><datafield ind1=" " ind2=" " tag="260"><subfield code="a">Omaha, N.T. [i.e. Neb.] :</subfield><subfield code="b">Robertson and Clark,</subfield><subfield code="c">-1860.</subfield></datafield><datafield ind1=" " ind2=" " tag="300"><subfield code="a">v. ;</subfield><subfield code="c">50 cm.</subfield></datafield><datafield ind1=" " ind2=" " tag="310"><subfield code="a">Daily (except Mon),</subfield><subfield code="b">&lt;Sept. 19&gt;-Nov. 16, 1860</subfield></datafield><datafield ind1=" " ind2=" " tag="321"><subfield code="a">Daily (during the session of the Territorial Assembly, except Sun.),</subfield><subfield code="b">&lt;Dec. 13, 1859-Jan. 12, 1860&gt;</subfield></datafield><datafield ind1="1" ind2=" " tag="362"><subfield code="a">Began in Dec. 1859.</subfield></datafield><datafield ind1="0" ind2=" " tag="362"><subfield code="a">-v. 1, no. 52 (Nov. 16, 1860).</subfield></datafield><datafield ind1=" " ind2=" " tag="515"><subfield code="a">Issues for &lt;Sept. 19, 1860&gt;- called v. 1, no. 2-</subfield></datafield><datafield ind1=" " ind2=" " tag="580"><subfield code="a">Weekly ed.: Omaha Nebraskian (Omaha City, Neb.).</subfield></datafield><datafield ind1=" " ind2=" " tag="588"><subfield code="a">Description based on: Vol. 1, no. 6 (Dec. 13, 1859).</subfield></datafield><datafield ind1=" " ind2=" " tag="533"><subfield code="a">Microfilm.</subfield><subfield code="b">[Washington, D.C. :</subfield><subfield code="c">Library of Congress Photoduplication Service].</subfield><subfield code="e">1 microfilm reel ; 35 mm.</subfield></datafield><datafield ind1=" " ind2="0" tag="651"><subfield code="a">Omaha (Neb.)</subfield><subfield code="v">Newspapers.</subfield></datafield><datafield ind1=" " ind2="7" tag="655"><subfield code="a">Newspapers.</subfield><subfield code="2">fast</subfield><subfield code="0">(OCoLC)fst01423814</subfield></datafield><datafield ind1=" " ind2="7" tag="651"><subfield code="a">Nebraska</subfield><subfield code="z">Omaha.</subfield><subfield code="2">fast</subfield><subfield code="0">(OCoLC)fst01204995</subfield></datafield><datafield ind1=" " ind2=" " tag="752"><subfield code="a">United States</subfield><subfield code="b">Nebraska</subfield><subfield code="c">Douglas</subfield><subfield code="d">Omaha.</subfield></datafield><datafield ind1=" " ind2=" " tag="752"><subfield code="a">United States</subfield><subfield code="b">Nebraska</subfield><subfield code="c">Douglas</subfield><subfield code="d">Omaha City.</subfield></datafield><datafield ind1="1" ind2=" " tag="775"><subfield code="t">Omaha Nebraskian (Omaha City, Neb.)</subfield><subfield code="w">(DLC)sn 95073096</subfield></datafield><datafield ind1="1" ind2=" " tag="776"><subfield code="c">Original</subfield><subfield code="w">(DLC)sn 88079215</subfield></datafield><datafield ind1="0" ind2="0" tag="785"><subfield code="t">Daily telegraph (Omaha City, Neb.)</subfield></datafield></record>